<?xml version="1.0" encoding="utf-8"?>
<record xmlns="http://www.loc.gov/MARC21/slim" xmlns:xsi="http://www.w3.org/2001/XMLSchema-instance" xsi:schemaLocation="http://www.loc.gov/MARC21/slim http://www.loc.gov/standards/marcxml/schema/MARC21slim.xsd">
	<leader>     nam a22     Mi 4500</leader>
	<controlfield tag="001">b14395459</controlfield>
	<controlfield tag="003">UaCaAUL</controlfield>
	<controlfield tag="006">m        d        </controlfield>
	<controlfield tag="007">cr cn |||m|||a</controlfield>
	<controlfield tag="008">200122s1920    sy      o     000 0 ara d</controlfield>
	<datafield ind1=" " ind2=" " tag="040">
		<subfield code="a">ZYU</subfield>
		<subfield code="b">ara</subfield>
		<subfield code="e">rda</subfield>
		<subfield code="c">ZYU</subfield>
	</datafield>
	<datafield ind1=" " ind2="4" tag="050">
		<subfield code="a">KBP310.B323</subfield>
		<subfield code="b">A36 1920</subfield>
	</datafield>
	<datafield ind1="1" ind2=" " tag="100">
		<subfield code="6">880-01</subfield>
		<subfield code="a">Badrān, ʻAbd al-Qādir,</subfield>
		<subfield code="d">-1927.</subfield>
	</datafield>
	<datafield ind1="1" ind2="3" tag="245">
		<subfield code="6">880-02</subfield>
		<subfield code="a">al-Madkhal ilá madhhab al-Imām Aḥmad ibn Ḥanbal /</subfield>
		<subfield code="c">lil-Shaykh ʻAbd al-Qādir ibn Aḥmad ibn Muṣṭafá al-maʻrūf bi-Ibn Badrān al-Dimashqī, ʻafá Allāhu ʻanhu, āmīn ; qāma bi-taṣḥīḥihi wa-nashrihi jamāʻah min al-ʻulamāʼ bi-ishrāf Idārat al-Ṭibāʻah al-Munīrīyah li-ṣāḥibihā wa-mudīrihā Muḥammad Munīr ʻAbduh Aghā al-Dimashqī.</subfield>
	</datafield>
	<datafield ind1=" " ind2="1" tag="264">
		<subfield code="6">880-03</subfield>
		<subfield code="a">Miṣr :</subfield>
		<subfield code="b">Idārat al-Ṭibāʻah al-Munīrīyah bi-Miṣr,</subfield>
		<subfield code="c">1338 [1920]</subfield>
	</datafield>
	<datafield ind1=" " ind2=" " tag="300">
		<subfield code="a">online resource (8, 264 pages)</subfield>
	</datafield>
	<datafield ind1=" " ind2=" " tag="336">
		<subfield code="a">text</subfield>
		<subfield code="2">rdacontent</subfield>
	</datafield>
	<datafield ind1=" " ind2=" " tag="337">
		<subfield code="a">computer</subfield>
		<subfield code="2">rdamedia</subfield>
	</datafield>
	<datafield ind1=" " ind2=" " tag="338">
		<subfield code="a">online resource</subfield>
		<subfield code="2">rdacarrier</subfield>
	</datafield>
	<datafield ind1=" " ind2=" " tag="500">
		<subfield code="6">880-04</subfield>
		<subfield code="a">Yashtamilu hādhā al-kitāb ʻalá uṣūl al-dīn wa-uṣūl al-fiqh wa-fann al-jadal wa-ʻalá masāʼil takhtaṣṣu bi-tilka al-ʻulūm.</subfield>
	</datafield>
	<datafield ind1=" " ind2=" " tag="500">
		<subfield code="6">880-05</subfield>
		<subfield code="a">Ḥuqūq al-ṭabʻ maḥfūẓah ilá Idārat al-Ṭibāʻah al-Munīrīyah bi-Miṣr.</subfield>
	</datafield>
	<datafield ind1=" " ind2=" " tag="500">
		<subfield code="6">880-06</subfield>
		<subfield code="a">Colophon dated: Jumādá al-Ūlá sanat thamāni wa-thalāthīn wa-thulāthumāʼih wa-alf.</subfield>
	</datafield>
	<datafield ind1=" " ind2=" " tag="500">
		<subfield code="a">Part of the Arabic Collections Online (ACO) project, contributed by American University in Cairo Library.</subfield>
	</datafield>
	<datafield ind1=" " ind2=" " tag="533">
		<subfield code="a">Electronic reproduction.</subfield>
		<subfield code="b">New York, N.Y. :</subfield>
		<subfield code="c">New York University,</subfield>
		<subfield code="d">2020.</subfield>
		<subfield code="5">NNU</subfield>
	</datafield>
	<datafield ind1="1" ind2="0" tag="600">
		<subfield code="6">880-07</subfield>
		<subfield code="a">Ibn Ḥanbal, Aḥmad ibn Muḥammad,</subfield>
		<subfield code="d">780-855.</subfield>
	</datafield>
	<datafield ind1="1" ind2="7" tag="600">
		<subfield code="a">Ibn Ḥanbal, Aḥmad ibn Muḥammad,</subfield>
		<subfield code="d">780-855</subfield>
		<subfield code="2">fast</subfield>
		<subfield code="0">(OCoLC)fst00098601</subfield>
	</datafield>
	<datafield ind1=" " ind2="0" tag="650">
		<subfield code="a">Islamic law.</subfield>
	</datafield>
	<datafield ind1=" " ind2="0" tag="650">
		<subfield code="a">Islamic law</subfield>
		<subfield code="x">Interpretation and construction.</subfield>
	</datafield>
	<datafield ind1=" " ind2="0" tag="650">
		<subfield code="a">Hanbalites.</subfield>
	</datafield>
	<datafield ind1=" " ind2="7" tag="650">
		<subfield code="a">Hanbalites.</subfield>
		<subfield code="2">fast</subfield>
		<subfield code="0">(OCoLC)fst00950821</subfield>
	</datafield>
	<datafield ind1=" " ind2="7" tag="650">
		<subfield code="a">Islamic law.</subfield>
		<subfield code="2">fast</subfield>
		<subfield code="0">(OCoLC)fst00979949</subfield>
	</datafield>
	<datafield ind1=" " ind2="7" tag="650">
		<subfield code="a">Islamic law</subfield>
		<subfield code="x">Interpretation and construction.</subfield>
		<subfield code="2">fast</subfield>
		<subfield code="0">(OCoLC)fst00979955</subfield>
	</datafield>
	<datafield ind1="2" ind2=" " tag="710">
		<subfield code="a">American University in Cairo.</subfield>
		<subfield code="b">Library.</subfield>
	</datafield>
	<datafield ind1="0" ind2=" " tag="730">
		<subfield code="a">Arabic Collections Online.</subfield>
	</datafield>
	<datafield ind1="0" ind2="8" tag="776">
		<subfield code="i">Online version:</subfield>
		<subfield code="a">Badrān, ʻAbd al-Qādir, -1927.</subfield>
		<subfield code="t">Madkhal ilá madhhab al-Imām Aḥmad ibn Ḥanbal.</subfield>
		<subfield code="d">Miṣr : Idārat al-Ṭibāʻah al-Munīrīyah, [[192-?]</subfield>
		<subfield code="w">(OCoLC)607741930</subfield>
	</datafield>
	<datafield ind1="0" ind2="8" tag="776">
		<subfield code="i">Print version:</subfield>
		<subfield code="a">Badrān, ʻAbd al-Qādir, -1927.</subfield>
		<subfield code="t">al-Madkhal ilá madhhab al-Imām Aḥmad ibn Ḥanbal</subfield>
		<subfield code="w">(UaCaAUL)b14395459</subfield>
		<subfield code="w">(OCoLC)843856089</subfield>
	</datafield>
	<datafield ind1="4" ind2="0" tag="856">
		<subfield code="u">http://hdl.handle.net/2333.1/47d7wwh9</subfield>
	</datafield>
	<datafield ind1="1" ind2=" " tag="880">
		<subfield code="6">100-01</subfield>
		<subfield code="a">بدران، عبد القادر،</subfield>
		<subfield code="d">- 1927.</subfield>
	</datafield>
	<datafield ind1="1" ind2="2" tag="880">
		<subfield code="6">245-02</subfield>
		<subfield code="a">المدخل الى مذهب الإمام احمد بن حنبل /</subfield>
		<subfield code="c">للشيخ عبد القادر بن أحمد بن مصطفى المعروف بابن بدران الدمشقي، عفى الله عنه، آمين ؛ قام بتصحيحه ونشره جماعة من العلماء باشراف ادارة الطباعة المنيرية لصاحبها ومديرها محمد منير عبده اغا الدمشقي.</subfield>
	</datafield>
	<datafield ind1=" " ind2=" " tag="880">
		<subfield code="6">260-00</subfield>
		<subfield code="a">القاهرة :</subfield>
		<subfield code="b">المکتبة التجارية الکبرى،</subfield>
		<subfield code="c">[--١٩؟]</subfield>
	</datafield>
	<datafield ind1=" " ind2="1" tag="880">
		<subfield code="6">264-03</subfield>
		<subfield code="a">مصر :</subfield>
		<subfield code="b">إدارة الطباعة المنيرية بمصر،</subfield>
		<subfield code="c">1338 [1920]</subfield>
	</datafield>
	<datafield ind1=" " ind2=" " tag="880">
		<subfield code="6">500-04</subfield>
		<subfield code="a">يشتمل هذه الكتاب على أصول الدين وأصول الفقه وفن الجدل وعلى مسائل تختص بتلك العلوم.</subfield>
	</datafield>
	<datafield ind1=" " ind2=" " tag="880">
		<subfield code="6">500-05</subfield>
		<subfield code="a">حقوق الطبع محفوظة الى إدارة الطباعة المنيرية بمصر.</subfield>
	</datafield>
	<datafield ind1=" " ind2=" " tag="880">
		<subfield code="6">500-06</subfield>
		<subfield code="a">Colophon dated: جمادى الأولى سنة ثمان وثلاثين وثلاثمائه وألف.</subfield>
	</datafield>
	<datafield ind1="1" ind2="0" tag="880">
		<subfield code="6">600-07</subfield>
		<subfield code="a">إبن حنبل، أحمد بن محمد،</subfield>
		<subfield code="d">780-855.</subfield>
	</datafield>
	<datafield ind1=" " ind2=" " tag="959">
		<subfield code="a">NNU</subfield>
		<subfield code="b">WEB</subfield>
		<subfield code="c">GENI</subfield>
		<subfield code="t">0</subfield>
		<subfield code="m">Electronic access</subfield>
		<subfield code="s">01</subfield>
	</datafield>
	<datafield ind1=" " ind2=" " tag="999">
		<subfield code="i">UaCaAUL_b14395459</subfield>
		<subfield code="o">(OCoLC)ocn843856089</subfield>
		<subfield code="s">auc_aco000687</subfield>
		<subfield code="e">(ERROR-880)</subfield>
	</datafield>
</record>
